<?xml version="1.0" encoding="UTF-8"?><collection xmlns="http://www.loc.gov/MARC21/slim"><record><leader>00695nam--2200157-i-4500</leader><controlfield tag="001">000012236</controlfield><controlfield tag="002">20161230</controlfield><controlfield tag="005">20161230201029</controlfield><controlfield tag="008">060222s1000------------r-----000-0-eng-d</controlfield><datafield ind1=" " ind2=" " tag="040"><subfield code="a">IFIN-HH</subfield></datafield><datafield ind1=" " ind2=" " tag="080"><subfield code="a">539.12.04:57.088.6(061.3)</subfield></datafield><datafield ind1="1" ind2=" " tag="100"><subfield code="a">Bustad, Leo K</subfield></datafield><datafield ind1="1" ind2="0" tag="245"><subfield code="a">Swine in biomedical research</subfield><subfield code="b">Proceedings of a symposium at the pacific northwest laboratory, richland, washington, july 19-22, 1965. the pa cific northwest laboratory is operated by battelle memorial institute for the united states atomic energy commission</subfield><subfield code="c">Leo k. bustad, roger o. mcclellan (eds.)</subfield></datafield><datafield ind1=" " ind2=" " tag="260"><subfield code="a">Richland, Washington</subfield><subfield code="b">Battelle-northwest</subfield><subfield code="c">1966</subfield></datafield><datafield ind1=" " ind2=" " tag="852"><subfield code="a">45080</subfield><subfield code="c">539.12.04</subfield></datafield><datafield ind1=" " ind2=" " tag="CAT"><subfield code="a">Sys</subfield><subfield code="c">20120207</subfield><subfield code="h">170827</subfield></datafield></record></collection>